@comment{x-kbibtex-personnameformatting=<%l><, %f>}

@article{axelsson2003visualisation,
	author = {Axelsson, Stefan},
	journal = {Computer Security--ESORICS 2003},
	localfile = {/u/students/leliel/Courses/ENGR489/papers/10.1.1.97.6799.pdf},
	pages = {309--325},
	publisher = {Springer},
	title = {{Visualisation for Intrusion Detection}},
	year = {2003}
}

@article{bass2000intrusion,
	author = {Bass, Tim},
	journal = {Communications of the ACM},
	number = {4},
	pages = {99--105},
	publisher = {ACM},
	title = {{Intrusion detection systems and multisensor data fusion}},
	volume = {43},
	year = {2000}
}

@inproceedings{bertini2007spiralview,
	abstract = {Introduces the spiral layout for timeseries data in security visualisation. Does not present any data supporting usability or usefulness of the tool. case studies shown, but is easy to cherrypick screenshots to show desired results. uses IDS results to feed visualisation. appears good in screenshots, but other work on spiral view raises strong questions.},
	author = {Bertini, Enrico and Hertzog, Patrick and Lalanne, Denis},
	booktitle = {{Visual Analytics Science and Technology, 2007. VAST 2007. IEEE Symposium on}},
	organization = {IEEE},
	pages = {139--146},
	title = {{SpiralView: towards security policies assessment through visual correlation of network resources with evolution of alarms}},
	year = {2007}
}

@article{bostock2011d3,
	author = {Bostock, Michael and Ogievetsky, Vadim and Heer, Jeffrey},
	journal = {Visualization and Computer Graphics, IEEE Transactions on},
	number = {12},
	pages = {2301--2309},
	publisher = {IEEE},
	title = {{D$^3$ Data-Driven Documents}},
	volume = {17},
	year = {2011}
}

@inproceedings{brunk1997mineset,
	abstract = {The paper presents an early visual analytics tool, and speaks about the features available as a combination of visualisation and analysis tools.be useful to see what came out of it. didn't really directly lead anywhere.},
	author = {Brunk, Cli and Kelly, James and Kohavi, Ron},
	booktitle = {{Proc. 3rd Int. Conf. Knowledge Discovery and Data Mining (KDD'97)}},
	pages = {135--138},
	title = {{MineSet: An integrated system for data mining}},
	year = {1997}
}

@article{chin2009visual,
	abstract = {well written, good analysis and experimental design, presents a novel approach to laying out time series data. seems quite useful but serious error in results causes some doubt on initial impressions. emailed two authors, still working at PNNL, awaiting reply. - no reply yet 01/05/2013},
	author = {Chin, George and Singhal, Mudita and Nakamura, Grant and Gurumoorthi, Vidhya and Freeman-Cadoret, Natalie},
	journal = {Information Visualization},
	number = {3},
	pages = {212--229},
	publisher = {SAGE Publications},
	title = {{Visual analysis of dynamic data streams}},
	volume = {8},
	year = {2009}
}

@inproceedings{Ellis:2006:EAU:1168149.1168152,
	abstract = {Provides a useful guide for what to do and what not to do in a user evaluation not useful for related works section, as nothing to do with secvis. use for justification of experimental design decisions.},
	acmid = {1168152},
	address = {New York, NY, USA},
	author = {Ellis, Geoffrey and Dix, Alan},
	booktitle = {{Proceedings of the 2006 AVI workshop on BEyond time and errors: novel evaluation methods for information visualization}},
	doi = {10.1145/1168149.1168152},
	isbn = {1-59593-562-2},
	keywords = {case study; evaluation; explorative evaluation; information visualisation},
	location = {Venice, Italy},
	numpages = {7},
	pages = {1--7},
	publisher = {ACM},
	series = {{BELIV '06}},
	title = {{An explorative analysis of user evaluation studies in information visualisation}},
	url = {http://doi.acm.org/10.1145/1168149.1168152},
	year = {2006}
}

@inproceedings{erbacher2012visualization,
	author = {Erbacher, Robert F},
	booktitle = {{Proceedings of the Ninth International Symposium on Visualization for Cyber Security}},
	localfile = {/u/students/leliel/Courses/ENGR489/papers/p17-erbacher.pdf},
	organization = {ACM},
	pages = {17--24},
	title = {{Visualization design for immediate high-level situational assessment}},
	year = {2012}
}

@inproceedings{Hideshima:2006:SVS:1151903.1151923,
	acmid = {1151923},
	address = {Darlinghurst, Australia, Australia},
	author = {Hideshima, Yusuke and Koike, Hideki},
	booktitle = {{Proceedings of the 2006 Asia-Pacific Symposium on Information Visualisation - Volume 60}},
	isbn = {1-920682-41-4},
	keywords = {information security; information visualization; internet worm; intrusion detection; virus visualization},
	location = {Tokyo, Japan},
	numpages = {8},
	pages = {131--138},
	publisher = {Australian Computer Society, Inc.},
	series = {{APVis '06}},
	title = {{STARMINE: a visualization system for cyber attacks}},
	url = {http://dl.acm.org/citation.cfm?id=1151903.1151923},
	year = {2006}
}

@article{itoh2006hierarchical,
	abstract = {Presents a system for visualising IDS results in a 3d space, where a 2d plane represents computers using a modified quantum treemap. volume of traffic represented by height above plane. Shows some promise but serious issues of scalability. suggests would have much trouble dealing with a network where there is significant traffic, or many false positives due to visual clutter.},
	author = {Itoh, Takayuki and Takakura, Hiroki and Sawada, Atsushi and Koyamada, Koji},
	journal = {Computer Graphics and Applications, IEEE},
	localfile = {/u/students/leliel/Courses/ENGR489/papers/01607920.pdf},
	number = {2},
	pages = {40--47},
	publisher = {IEEE},
	title = {{Hierarchical visualization of network intrusion detection data}},
	volume = {26},
	year = {2006}
}

@article{lewis1995ibm,
	abstract = {Provides good analysis of effectiveness of post task questions to ask users using modified version of ASQ questions, without documentation question.},
	author = {Lewis, James R},
	journal = {International Journal of Human-Computer Interaction},
	number = {1},
	pages = {57--78},
	publisher = {Taylor \& Francis},
	title = {{IBM computer usability satisfaction questionnaires: psychometric evaluation and instructions for use}},
	volume = {7},
	year = {1995}
}

@inproceedings{4641277,
	abstract = {Presents a tool for visualising logs using treemaps and AI clustering tools to classify types of events. destroys timeseries data. generates clusters, then applies cluster tag to each log entry, all entries shown on a treemap, where blocks are clusters.},
	author = {Makanju, A. and Brooks, S. and Zincir-Heywood, A.N. and Milios, E.E.},
	booktitle = {{Privacy, Security and Trust, 2008. PST '08. Sixth Annual Conference on}},
	doi = {10.1109/PST.2008.17},
	keywords = {computer network management; data visualisation; file organisation; security of data; system monitoring; LogView; administration setup; event clustering algorithm; event log cluster visualization; hierarchical structure; log files; network administrator; network management; security issues; simple log file clustering tool; visualization tool; Clustering algorithms; Computer science; Computer security; Data analysis; Data security; Data visualization; Event detection; Fault detection; Monitoring; Privacy; Clustering; Event Logs; SLCT; Treemaps; Visualization},
	pages = {99--108},
	title = {{LogView: Visualizing Event Log Clusters}},
	year = {2008}
}

@article{mcree2008security,
	abstract = {provides a brief overview of 3 visualisation tools, describing the primary tools used. 3d scatterplots, parallel co-ordinates, time series plots. first two have scalability issues, unsure about third as so little data included. dataset used is cherrypicked to show a clear attack pattern, without significant background chatter.},
	author = {McRee, Russ},
	journal = {Information Systems Security Association (ISSA) Journal},
	title = {{Security Visualization: What you don't see can hurt you}},
	year = {2008}
}

@inproceedings{1647711,
	abstract = {Not terribly relevant, describes architecture and concept behind system with no evaluation of usefulness or usability. simply assumed that being able to co-ordinate multiple views is a good thing (not really wrong though). uses distributed extensible system allowing multiple views to be created and used across multiple machines.},
	author = {Morrison, A. and Tennent, P. and Chalmers, M.},
	booktitle = {{Coordinated and Multiple Views in Exploratory Visualization, 2006. Proceedings. International Conference on}},
	doi = {10.1109/CMV.2006.5},
	keywords = {data visualisation; mobile computing; synchronisation; video recording; Replayer system; cross platform toolkit; histogram; mobile computing; multiple coordinated visualization; numerical visualization; recorded media; synchronization; system log data; time series graph; video data; Collaboration; Computers; Data analysis; Data visualization; Histograms; Mobile computing; Performance analysis; Ubiquitous computing; Usability; Video equipment},
	pages = {91--102},
	title = {{Coordinated Visualisation of Video and System Log Data}},
	year = {2006}
}

@inproceedings{mukosaka2007integrated,
	author = {Mukosaka, Shinichi and Koike, Hideki},
	booktitle = {{Visualization, 2007. APVIS'07. 2007 6th International Asia-Pacific Symposium on}},
	organization = {IEEE},
	pages = {41--44},
	title = {{Integrated visualization system for monitoring security in large-scale local area network}},
	year = {2007}
}

@inproceedings{peng2006hybrid,
	abstract = {provides a nice, coherent definition of a hybrid rule-based and anomaly based IDS. basicaly otherwise uninteresting though.},
	author = {Peng, Jianfeng and Feng, Chuan and Rozenblit, Jerzy W},
	booktitle = {{Engineering of Computer Based Systems, 2006. ECBS 2006. 13th Annual IEEE International Symposium and Workshop on}},
	localfile = {/u/students/leliel/Courses/ENGR489/papers/Peng2006aa.pdf},
	organization = {IEEE},
	pages = {2{\~A}¢{\^A}{\^A}pp},
	title = {{A hybrid intrusion detection and visualization system}},
	year = {2006}
}

@book{stanton1994human,
	abstract = {older work, based primarily in non software monitoring systems. analyses how and why alarm systems fail to work correctly - christmas tree problem - sensory urgency vs problem urgency - troubleshooting live systems complicated task where corrective actions impact diagnostic actions.},
	author = {Stanton, Neville A},
	publisher = {Taylor \& Francis},
	title = {{Human factors in alarm design}},
	year = {1994}
}

@article{takadamielog,
	author = {Takada, Tetsuji and Koike, Hideki},
	publisher = {Citeseer},
	title = {{MieLog: A Highly Interactive Visual Log Browser Using Information Visualization and Statistical Analysis}}
}

@article{teoh1998visual,
	author = {Teoh, Soon Tee and Jankun-Kelly, TJ and Ma, Kwan-Liu and Wu, S Felix},
	journal = {IEEE/ACM Transactions on Networking},
	number = {5},
	pages = {515--528},
	title = {{Visual data analysis for detecting flaws and intruders in computer network systems}},
	volume = {6},
	year = {1998}
}

@article{tricaud2008picviz,
	abstract = {presents a tool for generating parallel co-ordinate plots for log data. designed to handle thousands of lines, but chosen visualisation does not effectively handle data that doesn't exhibit strong clustering in at least one dimension, ideally two or more.},
	author = {Tricaud, Sebastien},
	journal = {Proceedings WASL, San Diego},
	title = {{Picviz: finding a needle in a haystack}},
	year = {2008}
}

@inproceedings{Xu:2009:DLS:1629575.1629587,
	abstract = {strong explanation of excellent datamining system for detecting abnormalities in logs for large software systems. used visualisation tool to explain how AI techniques reached the conclusions they did - demonstrates difficulty in understanding *why* anomalies detected this way are anomalous, and what they mean.},
	acmid = {1629587},
	address = {New York, NY, USA},
	author = {Xu, Wei and Huang, Ling and Fox, Armando and Patterson, David and Jordan, Michael I.},
	booktitle = {{Proceedings of the ACM SIGOPS 22nd symposium on Operating systems principles}},
	doi = {10.1145/1629575.1629587},
	isbn = {978-1-60558-752-3},
	keywords = {console log analysis; monitoring; pca; problem detection; source code analysis; statistical learning; tracing},
	location = {Big Sky, Montana, USA},
	numpages = {16},
	pages = {117--132},
	publisher = {ACM},
	series = {{SOSP '09}},
	title = {{Detecting large-scale system problems by mining console logs}},
	url = {http://doi.acm.org/10.1145/1629575.1629587},
	year = {2009}
}

@article{zhang2012survey,
	abstract = {Quite a useful source, not terribly readable or useful directly, but good bibliography},
	author = {Zhang, Yanping and Xiao, Yang and Chen, Min and Zhang, Jingyuan and Deng, Hongmei},
	journal = {Security and Communication Networks},
	number = {4},
	pages = {404--421},
	publisher = {Wiley Online Library},
	title = {{A survey of security visualization for computer network logs}},
	volume = {5},
	year = {2012}
}

@misc{dojo2013test,
	howpublished = {\url{http://dojotoolkit.org/reference-guide/1.9/util/dohrobot.html}},
	note = {Accessed on 03 June 2013},
	title = {{DOJO DOH Robot documentation}}
}

@misc{forensic10,
	howpublished = {\url{http://www.honeynet.org/challenges/attack\_visualization\_challenge}},
	note = {Accessed on 05 June 2013},
	title = {{Forensic Challenge 10 - Attack Visualization}}
}

@book{tufte1983visual,
	author = {Tufte, Edward R and Graves-Morris, PR},
	publisher = {Graphics press Cheshire, CT},
	title = {{The visual display of quantitative information}},
	volume = {2},
	year = {1983}
}

@book{Swicegood:2008:PVC:1523278,
	author = {Swicegood, Travis},
	isbn = {1934356158, 9781934356159},
	publisher = {Pragmatic Bookshelf},
	title = {{Pragmatic Version Control Using Git}},
	year = {2008}
}

@misc{github2013,
	howpublished = {\url{http://github.com}},
	note = {Accessed on 30 October 2013},
	title = {{Github}}
}

@misc{stack2013overflow,
	howpublished = {\url{http://stackoverflow.com}},
	note = {Accessed on 30 October 2013},
	title = {{StackOverflow; Developers Q\&A}}
}

@inproceedings{adar2007user,
	author = {Adar, Eytan},
	booktitle = {{Proc of Query Log Analysis Workshop, International Conference on World Wide Web}},
	title = {{User 4xxxxx9: Anonymizing query logs}},
	year = {2007}
}

@misc{iso9241,
	key = {ISO 9241},
	number = {ISO 9421-11},
	publisher = {ISO, Geneva, Switzerland},
	title = {{Ergonomic requirements for office work with visual display terminals (VDTs) -- Part 11: Guidance on usability}},
	type = {Norm},
	year = {1998}
}

@misc{leliel2013ethics,
	howpublished = {\url{http://www.ecs.vuw.ac.nz/~stuart/leliel\_hec.pdf}},
	note = {Accessed on 30 October 2013},
	title = {{Human Ethics Committee application}}
}

